@ARTICLE{taiji,
  AUTHOR     = "Zhang, SanFeng and Zhang, WuJi",
  TITLE      = "Tai Ji",
  JOURNAL    = "WWW",
  VOLUME     = "1",
  NUMBER     = "11",
  MONTH      = "November",
  YEAR       = "2050",
  Pages      = "0--0",
}
